1892 3088
433 155 516 209 De
558 153 696 227 Lege
736 151 908 225 Aquil.
1064 181 1068 189 f
1157 174 1181 208 2
1194 173 1263 225 79

193 244 242 294 6.
276 239 392 309 Quia
424 251 571 286 tamen
590 238 817 287 Plebiscita
836 241 928 288 vim
953 240 1060 302 legis
1079 257 1261 304 accepec

129 320 255 365 runt,
287 312 327 360 §.
357 318 402 362 4.
435 306 481 351 de
510 305 548 351 I.
582 307 640 351 N.
675 305 724 350 G.
745 302 799 358 &²
822 307 866 352 C.
903 323 948 353 v.
984 305 1100 369 supr.
1133 307 1201 354 ad.
1223 319 1260 354 t.

130 373 170 419 d.
192 373 299 419 LN.
313 366 430 422 G&
444 371 487 415 C.
510 374 548 422 §.
565 374 636 420 28·
672 368 803 415 etiam
827 371 918 417 Lex
935 371 1085 418 vocari
1106 369 1261 434 potest.

130 480 134 484 .
196 450 241 496 7.
277 433 408 494 Cujus
441 433 573 495 Legis
605 432 685 480 tria
717 431 838 480 fuere
871 435 1036 496 capita:
1082 438 1139 482 Et
1166 435 1265 498 qui·-

131 500 232 547 dem
259 499 392 546 Primo
426 499 559 562 Capite
591 509 767 544 cautum
799 497 884 557 est,
917 500 984 547 Ut
1003 499 1048 560 st
1078 503 1159 562 quis
1177 503 1263 548 ali·

131 569 243 612 enum
272 565 458 610 hominem
472 599 485 621 ‚
525 564 741 610 alienamve
769 560 1060 627 quadrupedem,
1089 581 1183 627 quae
1196 578 1262 628 pe-

129 629 266 676 cudum
306 645 457 675 numero
484 626 566 688 fit,
613 629 756 689 injuria
791 630 997 689 occiderit,
1040 632 1172 691 quanti
1216 646 1264 678 ea

132 709 194 741 res
224 709 264 740 eo
296 709 394 740 anno
429 694 589 755 plurimi
607 691 741 753 fuerit
754 728 767 750 ,
812 705 965 749 tantum
997 695 1142 742 domino
1172 695 1262 742 dare

133 760 347 805 damnetur.
375 771 438 820 pr.
474 759 512 805 Ι.
547 758 575 802 l.
613 771 655 800 2.
682 769 744 818 pr.
765 755 836 819 ff.
867 761 907 804 h.
939 769 971 805 t.

202 827 249 873 8.
282 823 469 868 Cautum
501 818 564 867 est
595 819 681 866 hoc
714 823 859 883 capite
878 823 933 868 de
951 823 1073 869 alieno
1090 823 1262 882 homine,

129 886 164 934 i.
196 903 240 936 es
281 885 408 933 servo
440 885 533 947 (qui
575 883 650 932 hic
683 899 961 947 comparatur
1004 887 1267 948 pecudibus3

130 953 167 1002 l.
199 967 246 1001 2.
279 950 320 1014 §.
360 965 403 996 2.
426 949 496 1012 ff.
530 951 567 996 h.
603 951 658 1002 t.)
690 951 830 1012 occifh3
866 951 978 998 Non
1011 951 1067 998 de
1101 952 1265 1011 liberoj

129 1015 280 1064 Liberi
303 1015 419 1062 enim
443 1013 640 1076 corporis
660 1028 748 1061 non
768 1014 831 1061 est
850 1014 1106 1074 aestimati03
1123 1017 1188 1064 Ut
1207 1016 1264 1064 de

129 1080 267 1129 libero
308 1079 487 1126 homine
528 1079 629 1125 (1010
670 1078 819 1126 occiso
861 1080 1076 1141 agendum
1115 1080 1167 1127 fit
1205 1097 1262 1129 ex

128 1146 184 1191 L.
219 1144 417 1190 Cornelia
450 1142 506 1189 de
537 1140 725 1190 SicariiS.
760 1146 788 1190 l.
822 1159 863 1194 1.
899 1151 936 1199 §.
971 1159 1012 1205 3.
1035 1143 1104 1206 fs.
1140 1147 1191 1194 ad
1206 1146 1261 1193 L.

129 1213 244 1257 Corn.
276 1210 320 1255 cle
353 1210 433 1255 Sia.
525 1217 529 1224 ’
1110 1263 1116 1266 .

190 1287 242 1330 9.
273 1273 375 1319 Nee
405 1287 494 1319 non
524 1275 569 1319 de
595 1276 722 1321 aliena
741 1273 970 1335 quadrupede
1002 1271 1158 1335 occisit,
1177 1291 1257 1336 qztae
1276 1277 1316 1333 ᾗ.
1347 1291 1382 1336 ις

120 1340 303 1401 pecudum
333 1353 485 1385 numero
514 1336 590 1395 fit,
634 1340 667 1384 i.
700 1354 742 1383 e.
777 1353 885 1399 quae
915 1339 1131 1400 gregatim
1166 1338 1258 1400 pas-

125 1403 258 1450 citur.
291 1400 328 1464 ᾗ.
372 1418 409 1449 ι.
444 1401 486 1452 Ι.
519 1405 559 1448 h.
594 1404 620 1448 l.
645 1417 685 1448 2.
722 1401 763 1464 5-
787 1416 828 1448 2.
851 1401 921 1464 ff.
957 1405 1036 1449 eorl.
1076 1418 1260 1464 quarum

127 1482 311 1515 numero
353 1465 403 1515 ἃ
445 1465 536 1513 sues
579 1465 797 1513 contineri
837 1479 1063 1529 receptum
1107 1466 1186 1515 est.
1224 1470 1262 1515 d.

126 1531 166 1595 §0
191 1548 229 1579 r.
250 1534 289 1579 cl.
319 1533 348 1579 l.
369 1548 414 1578 2.
447 1528 486 1594 ς.
523 1545 564 1577 2.

195 1612 266 1643 10.
305 1597 367 1643 Ut
397 1610 542 1642 autem
581 1595 652 1656 agi
689 1611 743 1641 ex
779 1596 886 1657 Lege
914 1596 1069 1658 Aquilia
1101 1597 1250 1658 postit,
1276 1609 1315 1665 ᾖ.
1345 1627 1384 1655 2,

127 1660 381 1722 requiritur,
415 1673 461 1706 ut
493 1660 663 1715 servus,
708 1660 776 1706 vel
805 1662 990 1720 animal,
1036 1662 1151 1722 quod
1187 1678 1262 1724 pe-

124 1726 283 1772 cudum
319 1740 501 1772 numero
530 1725 626 1783 est,
652 1726 816 1787 injuria,
852 1726 881 1771 i.
916 1741 961 1776 e.
991 1726 1111 1772 nullo
1135 1727 1260 1789 jure,

128 1789 319 1837 occisum
362 1789 436 1846 fit3
490 1788 580 1835 sive
626 1788 669 1835 id
712 1789 817 1835 dolo
857 1790 972 1837 malo
1014 1789 1116 1848 fiat,
1169 1791 1260 1839 sive

126 1854 277 1916 eulpa,
312 1855 444 1902 etiam
477 1853 698 1902 leviffima.
729 1854 759 1900 I.
797 1867 846 1912 5.
873 1861 914 1911 §.
947 1869 990 1902 2.
1023 1855 1052 1901 l.
1085 1868 1164 1916 44.
1183 1855 1254 1919 ff.

130 1926 176 1975 55.
209 1920 329 1967 2.·1,
361 1923 399 1966 h.
432 1931 463 1966 t.
511 1966 513 1968 .

197 1998 269 2031 11.
306 1984 353 2032 Si
383 1997 479 2045 quts
511 1983 822 2037 enimservum
843 1983 1029 2034 alienum
1044 1986 1142 2049 jure
1159 2000 1256 2047 per-

126 2048 334 2109 mittente-A
362 2049 600 2108 occiderit,
634 2066 723 2098 non
758 2063 950 2098 tenetur:
983 2052 1092 2099 Puta
1110 2049 1146 2096 fi.
1163 2051 1257 2113 quis

129 2112 368 2173 latronem,
401 2114 592 2161 aliumve
625 2116 717 2164 vim
738 2114 1039 2175 inferentem,
1083 2115 1259 2163 interfe-

128 2178 264 2235 cerit3
297 2180 334 2226 d.
367 2186 404 2234 §.
440 2194 486 2223 2«
519 2179 560 2225 I.
593 2183 631 2228 h.
674 2169 800 2230 Vin?
819 2179 937 2226 enim
970 2181 1017 2229 vi
1051 2178 1259 2242 repellere

129 2258 283 2290 omnes
317 2243 434 2305 leges
468 2245 698 2308 omniaque
732 2245 823 2304 iura
855 2246 1128 2306 permittunt.
1161 2244 1188 2292 l.
1212 2260 1259 2305 3.

118 2307 191 2370 ff.
228 2309 274 2355 de
303 2309 344 2356 Ι.
374 2305 427 2361 &³
456 2308 496 2354 I.
526 2308 553 2355 I.
586 2325 635 2368 4.
663 2312 692 2357 l.
721 2323 765 2367 5.
797 2312 825 2356 I.
853 2324 935 2367 45.
954 2309 992 2372 §.
1013 2308 1144 2372 4-.ff.
1165 2312 1202 2356 h.
1223 2322 1255 2358 τ.

201 2385 272 2418 1-2.
310 2374 568 2420 Dummodo
599 2374 843 2435 inculpatae
874 2376 1033 2422 tutelae
1061 2371 1258 2421 modera-

135 2434 198 2485 tio
232 2435 396 2484 {erveta
436 2436 505 2487 fit,
539 2440 565 2487 I.
607 2454 645 2487 Ι.
683 2441 729 2491 C.
761 2439 849 2491 und,
885 2438 953 2488 Vi.

1070 2518 1089 2549 τ
1103 2518 1142 2564 3.
1165 2500 1264 2572 Qua
