1892 3088
658 149 768 204 182·

1043 283 1084 344 L
1114 298 1131 332 1
1166 299 1210 333 Β.
1254 280 1398 342 'IIL

643 404 728 460 De
752 401 1069 459 Succ'effione
1105 405 1168 458 ab
1204 405 1475 475 IntestatO,
1514 402 1789 462 secundum

714 477 974 533 Ordinem
1014 477 1161 535 Nov.
1207 485 1329 535 118.
1364 481 1432 535 C.
1476 499 1525 535 1.
1569 499 1614 534 2.
1661 498 1713 550 3.

643 632 687 665 1.
864 617 1083 665 Ereditas*
1106 617 1299 666 defertur
1331 618 1404 666 vel
1436 637 1484 668 ex
1519 620 1787 684 Testamenta,

881 684 952 730 vel
993 687 1044 731 ab
1077 683 1280 747 Intestato.
1329 691 1367 741 §.
1413 687 1489 734 ult.
1527 688 1566 742 ΙὈ
1595 701 1662 750 per
1692 701 1785 748 quas

634 746 738 812 pers}
767 752 897 812 cuique
929 766 1015 812 aeq.

705 826 752 864 2.
787 813 914 880 Quae
943 831 993 862 ex
1027 812 1268 877 Testamenta
1288 814 1482 862 defertur
1499 825 1682 862 vocatur
1708 814 1782 862 Te.—

631 877 921 942 fi‘amentaria,
965 895 1075 943 quae
1108 883 1160 927 ab
1194 879 1384 942 Irztesiato
1417 882 1645 942 Legitima,
1677 880 1779 943 quia

631 943 722 992 sola
755 945 853 1008 lege
872 943 1086 993 defertur:
1120 946 1272 1008 Atque
1302 949 1362 994 ita
1383 945 1464 992 hae
1483 944 1671 1008 species,
1691 959 1784 992 tan·

634 1023 767 1073 quam
802 1009 1052 1074 oppositae,
1088 1025 1311 1072 ponuntur
1345 1012 1389 1058 in
1428 1014 1456 1058 l.
1490 1027 1531 1072 3.
1569 1016 1607 1064 ᾗ.
1648 1024 1720 1070 2.,
1769 1043 1781 1056 .

627 1090 700 1139 pro
719 1075 802 1137 soc.
839 1078 869 1134 l,
901 1091 972 1139 ¹7·
1008 1075 1049 1138 §.
1077 1091 1116 1123 ι.
1142 1075 1206 1139 ff.
1240 1080 1285 1124 de
1313 1094 1393 1139 aeq.
1415 1079 1497 1124 her.
1531 1076 1664 1123 Licet
1697 1076 1783 1122 alio

632 1140 756 1188 sensu
795 1140 1105 1204 Testamentaria
1137 1143 1270 1188 etiarn
1304 1142 1432 1204 poffit
1446 1141 1540 1188 dici
1557 1142 1780 1203 Legitima,

627 1204 676 1252 in
711 1219 920 1268 quantum
966 1207 1059 1252 LL,
1098 1222 1188 1254 ΧΠ.
1224 1209 1371 1266 Tabb.
1411 1206 1712 1256 confirmatur.
1748 1207 1782 1258 l.

628 1271 741 1332 ”1302
775 1270 830 1335 ff.
873 1273 918 1320 de
949 1272 1001 1320 V.
1037 1272 1083 1318 S.

693 1350 737 1396 3.
773 1336 958 1384 Diffmm
1003 1336 1145 1385 adhue
1189 1337 1414 1401 quomodo
1453 1334 1674 1383 deferatur
1715 1350 1773 1383 ex

629 1398 899 1463 Testamento5
940 1402 1155 1463 sequitur,
1199 1416 1249 1450 ut
1294 1401 1520 1452 videamus
1551 1400 1777 1465 quomodo

627 1464 848 1513 deferatur
881 1469 932 1514 ah
964 1465 1169 1530 [uastata.

692 1545 737 1590 4.
777 1532 851 1578 De
884 1547 971 1594 quo
1007 1548 1097 1578 non
1132 1533 1301 1595 agimus
1320 1532 1556 1579 seeundum
1576 1530 1777 1586 ordinem

629 1596 828 1659 priorum
856 1597 956 1648 Tic.
992 1612 1066 1657 13.
1101 1599 1160 1658 J„
1195 1601 1301 1658 3.I.
1341 1598 1457 1664 Quia
1490 1597 1535 1644 in
1570 1598 1623 1645 iis
1643 1596 1776 1643 refer-

627 1675 698 1708 tur
734 1674 903 1709 tanturn
933 1661 1003 1724 jus
1037 1666 1289 1725 antiquurm
1326 1663 1410 1710 Se'd
1446 1661 1592 1725 potius
1624 1661 1775 1709 secun·

623 1727 731 1781 dum
766 1727 965 1774 ordinem
1001 1728 1037 1787 d.
1073 1731 1177 1776 Nov.
1222 1735 1316 1779 118.
1348 1728 1393 1776 in
1429 1743 1511 1791 qua
1540 1727 1610 1789 jus
1643 1728 1773 1775 habe-

625 1808 724 1840 mus
756 1792 1051 1847 noviffimum.

692 1872 737 1916 5.
773 1857 988 1920 Intestatzts
1031 1857 1214 1920 proprie
1253 1859 1519 1921 appellatur,
1563 1856 1638 1921 qui
1669 1872 1772 1904 eum

625 1922 767 1985 posset
802 1923 1109 1970 testamentum
1145 1923 1317 1984 facere,
1355 1923 1530 1970 testatus
1563 1938 1655 1969 non
1685 1920 1771 1969 est:

622 1987 710 2035 Sed
745 1986 795 2035 ἃ
826 1988 861 2035 is
895 1990 967 2050 qui
1002 1987 1308 2036 testamentum
1342 1986 1475 2048 fecit,
1510 1988 1541 2036 si
1571 1988 1662 2050 ejus
1697 1987 1774 2035 he·

622 2053 783 2101 reditas
818 2053 933 2102 adita
973 2070 1063 2102 non
1098 2053 1187 2114 est,
1228 2055 1298 2102 vel
1333 2067 1512 2117 ruptum
1547 2053 1610 2100 est
1643 2051 1768 2100 testa-

618 2132 844 2178 mentum,
899 2118 1125 2171 intestatus
1180 2136 1269 2167 non
1314 2119 1559 2184 improprie
1598 2117 1768 2166 dicetur

621 2183 856 2233 deceffiffe.
893 2178 1025 2232 Plane
1055 2184 1129 2248 qui
1164 2184 1309 2232 testari
1343 2201 1434 2233 non
1464 2183 1634 2249 potuit,
1667 2199 1769 2245 pro-

619 2250 717 2313 prie
751 2265 842 2298 non
875 2249 938 2298 est
977 2249 1229 2309 intestatus²
1262 2263 1366 2313 puta
1400 2251 1625 2314 impubes,
1663 2248 1769 2295 furi-

617 2315 747 2376 osus,
783 2316 853 2364 vel
888 2315 960 2365 cui
995 2317 1122 2365 bonis
1154 2316 1436 2365 interdifflim
1469 2314 1554 2373 est3
1590 2312 1662 2361 sed
1682 2312 1765 2361 hos

617 2397 792 2444 quoque
826 2398 907 2444 pro
942 2381 1154 2445 intestatis
1175 2384 1377 2446 accipere
1408 2382 1630 2429 debemus·
1666 2382 1693 2426 l.
1723 2396 1763 2427 1.

610 2445 686 2510 ff.
719 2448 764 2494 de
784 2446 873 2511 fitis
902 2447 957 2505 Εὖ)
992 2450 1101 2513 legit.
1122 2449 1247 2507 hereti.
1274 2438 1340 2514 ᾖν.
1374 2449 1411 2498 Ι.
1432 2448 1478 2496 de
1510 2445 1633 2495 hereri.
1669 2461 1764 2507 quae

618 2515 669 2562 ab
702 2511 834 2580 intest.
1110 2546 1113 2551 ,
1246 2558 1248 2561 ,
1566 2515 1615 2563 6.
1648 2511 1766 2566 ruff.
